@book{Girard1989Proofs,
  added-at = {2019-03-01T00:11:50.000+0100},
  address = {Cambridge},
  author = {Girard, Jean-Yves and Taylor, Paul and Lafont, Yves},
  biburl = {https://www.bibsonomy.org/bibtex/2a4cb3b3aaf0804648ec70760ee0c5320/gdmcbain},
  citeulike-article-id = {1585200},
  citeulike-attachment-1 = {girard_89_proofs.pdf; /pdf/user/gdmcbain/article/1585200/1119456/girard_89_proofs.pdf; a31753386a6c5f7af0045a446598a57d15ae07b0},
  citeulike-linkout-0 = {http://www.amazon.ca/exec/obidos/redirect?tag=citeulike09-20\&amp;path=ASIN/0521371813},
  citeulike-linkout-1 = {http://www.amazon.de/exec/obidos/redirect?tag=citeulike01-21\&amp;path=ASIN/0521371813},
  citeulike-linkout-10 = {http://www.worldcat.org/oclc/974124034},
  citeulike-linkout-2 = {http://www.amazon.fr/exec/obidos/redirect?tag=citeulike06-21\&amp;path=ASIN/0521371813},
  citeulike-linkout-3 = {http://www.amazon.jp/exec/obidos/ASIN/0521371813},
  citeulike-linkout-4 = {http://www.amazon.co.uk/exec/obidos/ASIN/0521371813/citeulike00-21},
  citeulike-linkout-5 = {http://www.amazon.com/exec/obidos/redirect?tag=citeulike07-20\&path=ASIN/0521371813},
  citeulike-linkout-6 = {http://www.worldcat.org/isbn/0521371813},
  citeulike-linkout-7 = {http://books.google.com/books?vid=ISBN0521371813},
  citeulike-linkout-8 = {http://www.amazon.com/gp/search?keywords=0521371813\&index=books\&linkCode=qs},
  citeulike-linkout-9 = {http://www.librarything.com/isbn/0521371813},
  file = {girard_89_proofs.pdf},
  howpublished = {Hardcover},
  interhash = {e3fae0c9e885c20f4964411efba130c9},
  intrahash = {a4cb3b3aaf0804648ec70760ee0c5320},
  isbn = {0521371813},
  keywords = {03b15-higher-order-logic-type-theory 03b40-combinatory-logic-and-lambda-calculus 03f03-proof-theory-general},
  month = apr,
  posted-at = {2017-09-29 04:02:01},
  priority = {5},
  publisher = {Cambridge University Press},
  timestamp = {2019-03-01T00:11:50.000+0100},
  title = {{Proofs and Types}},
  url = {http://www.worldcat.org/isbn/0521371813},
  year = 1989
}

@book{sorensen2006lectures,
  added-at = {2020-07-23T21:57:39.000+0200},
  address = {Amsterdam; Oxford},
  author = {SÃ¸rensen, Morten Heine and Urzyczyn, Pawel},
  biburl = {https://www.bibsonomy.org/bibtex/2b1e23963813aa08af04c6045b272ebf9/gdmcbain},
  description = {Lectures on the Curry-Howard isomorphism (Livre, 2006) [WorldCat.org]},
  interhash = {d8cbd03d799c8bdbcc7095efc78f23ff},
  intrahash = {b1e23963813aa08af04c6045b272ebf9},
  isbn = {0444520775 9780444520777},
  keywords = {03b15-higher-order-logic-type-theory},
  publisher = {Elsevier},
  refid = {1171193011},
  timestamp = {2020-07-23T21:57:39.000+0200},
  title = {Lectures on the Curry-Howard isomorphism},
  url = {https://www.worldcat.org/title/lectures-on-the-curry-howard-isomorphism/oclc/1171193011&referer=brief_results},
  year = 2006
}

